@inproceedings{francillon2011relay,
  title={Relay Attacks on Passive Keyless Entry and Start Systems in Modern Cars.},
  author={Francillon, Aur{\'e}lien and Danev, Boris and Capkun, Srdjan and Capkun, Srdjan and Capkun, Srdjan},
  booktitle={NDSS},
  year={2011}
}

@article{hancke2005practical,
  title={A practical relay attack on ISO 14443 proximity cards},
  author={Hancke, Gerhard P},
  journal={Technical report, University of Cambridge Computer Laboratory},
  pages={1--13},
  year={2005}
}

@incollection{francis2010practical,
  title={Practical NFC peer-to-peer relay attack using mobile phones},
  author={Francis, Lishoy and Hancke, Gerhard and Mayes, Keith and Markantonakis, Konstantinos},
  booktitle={Radio Frequency Identification: Security and Privacy Issues},
  pages={35--49},
  year={2010},
  publisher={Springer}
}

@article{markantonakis2012practical,
  title={Practical relay attack on contactless transactions by using nfc mobile phones},
  author={Markantonakis, Konstantinos},
  journal={Radio Frequency Identification System Security: RFIDsec},
  volume={12},
  pages={21},
  year={2012}
}




@inproceedings{brands1994distance,
  title={Distance-bounding protocols},
  author={Brands, Stefan and Chaum, David},
  booktitle={Advances in Cryptology—EUROCRYPT’93},
  pages={344--359},
  year={1994},
  organization={Springer}
}

@inproceedings{rasmussen2010realization,
  title={Realization of RF Distance Bounding.},
  author={Rasmussen, Kasper Bonne and Capkun, Srdjan},
  booktitle={USENIX Security Symposium},
  pages={389--402},
  year={2010}
}

@inproceedings{tu2007rfid,
  title={RFID distance bounding protocols},
  author={Tu, Yu-Ju and Piramuthu, Selwyn},
  booktitle={First International EURASIP Workshop on RFID Technology},
  pages={67--68},
  year={2007}
}


@article{capkun2006secure,
  title={Secure positioning in wireless networks},
  author={Capkun, Srdjan and Hubaux, Jean-Pierre},
  journal={IEEE Journal on Selected Areas in Communications},
  volume={24},
  number={2},
  pages={221--232},
  year={2006}
}


@article{vandenbreekel2014relay,
  title={A Security Evaluation and Proof-of-Concept Relay Attack on Dutch EMV Contactless Transactions},
  author={van den Breekel, Jordi},
  year={2014}
}

@article{warner2003gps,
  title={GPS spoofing countermeasures},
  author={Warner, Jon S and Johnston, Roger G},
  journal={Homeland Security Journal},
  year={2003}
}

@inproceedings{wen2005countermeasures,
  title={Countermeasures for GPS signal spoofing},
  author={Wen, Hengqing and Huang, Peter Yih-Ru and Dyer, John and Archinal, Andy and Fagan, John},
  booktitle={ION GNSS},
  pages={13--16},
  year={2005}
}

@article{jafarnia2012gps,
  title={GPS vulnerability to spoofing threats and a review of antispoofing techniques},
  author={Jafarnia-Jahromi, Ali and Broumandan, Ali and Nielsen, John and Lachapelle, G{\'e}rard},
  journal={International Journal of Navigation and Observation},
  volume={2012},
  year={2012},
  publisher={Hindawi Publishing Corporation}
}




@article{hu2006wormhole,
  title={Wormhole attacks in wireless networks},
  author={Hu, Yih-Chun and Perrig, Adrian and Johnson, David B},
  journal={Selected Areas in Communications, IEEE Journal on},
  volume={24},
  number={2},
  pages={370--380},
  year={2006},
  publisher={IEEE}
}

@inproceedings{maheshwari2007detecting,
  title={Detecting wormhole attacks in wireless networks using connectivity information},
  author={Maheshwari, Ritesh and Gao, Jie and Das, Samir R},
  booktitle={INFOCOM 2007. 26th IEEE International Conference on Computer Communications. IEEE},
  pages={107--115},
  year={2007},
  organization={IEEE}
}

