@article{capkun2006secure,
  title={Secure positioning in wireless networks},
  author={Capkun, Srdjan and Hubaux, Jean-Pierre},
  journal={IEEE Journal on Selected Areas in Communications},
  volume={24},
  number={2},
  pages={221--232},
  year={2006}
}

@inproceedings{francillon2011relay,
  title={Relay Attacks on Passive Keyless Entry and Start Systems in Modern Cars.},
  author={Francillon, Aur{\'e}lien and Danev, Boris and Capkun, Srdjan and Capkun, Srdjan and Capkun, Srdjan},
  booktitle={NDSS},
  year={2011}
}

@article{vandenbreekel2014relay,
  title={A Security Evaluation and Proof-of-Concept Relay Attack on Dutch EMV Contactless Transactions},
  author={van den Breekel, Jordi},
  year={2014}
}